% This file was created with JabRef 2.9.2.
% Encoding: Cp1252

@BOOK{Jaeger_02,
  author = {Jaeger, Richard C.},
  title = {Introduction to microelectronic Fabrication},
  year = {2002},
  editor = {Neudeck, Gerold W. and Pierret, Robert F.},
  volume = {V},
  edition = {2},
  publisher = {Prentice Hall},
  owner = {samuel.harkness},
  timestamp = {2013.12.05}
}

@MANUAL{Lecture_12,
  author = {Kaiser, Dr. Todd J.},
  title = {EELE407 Introduction to Microfabrication Lecture 12: Fabrication
	Sequence},
  organization = {Montana State University},
  owner = {samuel.harkness},
  timestamp = {2013.12.05}
}

@MANUAL{408_Lab_Manual,
  author = {Kaiser, Dr. Todd J.},
  title = {Applied Photovoltaics Lab Manual},
  year = {2014},
  organization = {Montana State University},
  owner = {tehSharkness},
  timestamp = {2014.04.14}
}

@MANUAL{407_Lab_Manual,
  author = {Leone, Matthew and Kaiser, Todd},
  title = {CMOS Lab Manual},
  year = {2012},
  edition = {3},
  organization = {Montana State University},
  month = {August},
  owner = {samuel.harkness},
  timestamp = {2013.12.05}
}

@MANUAL{Shipley_1800,
  title = {Microposit S1800 Series Photo Resists},
  organization = {Shipley},
  owner = {samuel.harkness},
  timestamp = {2013.12.05}
}

